@misc{web:EHW:homepage,
  author = "EHW",
  title = "Pagina portada de la {EHW}",
  year = "2023",
  url = "https://hyperloopweek.com/"
}

@misc{web:STM32:installationCube,
  author = "STMicroelectronics",
  title = "Pagina de instalaci√≥n del {stm32CubeIDE}",
  year = "2023",
  url = "https://www.st.com/en/development-tools/stm32cubeide.html"
}

@misc{web:STM32:installationCubeHelp,
  author = "STMicroelectronics",
  title = "Como instalar {stm32CubeIDE}",
  year = "2023",
  url = "https://www.st.com/resource/en/user_manual/dm00603964-stm32cubeide-installation-guide-stmicroelectronics.pdf"

}

@article{knuth:1984,
  title="Literate Programming",
  author="Donald E. Knuth",
  journal="The Computer Journal",
  volume="27",
  number="2",
  pages="97--111",
  year="1984",
  publisher="Oxford University Press"
}